@article{label1,
  title={A personal perspective on organic synthesis: past, present, and future},
  author={Chen, David Y-K},
  journal={Israel Journal of Chemistry},
  volume={58},
  number={1-2},
  pages={85--93},
  year={2018},
  publisher={Wiley Online Library}
}
@article{label2,
  title={Machine learning for molecular and materials science},
  author={Butler, Keith T and Davies, Daniel W and Cartwright, Hugh and Isayev, Olexandr and Walsh, Aron},
  journal={Nature},
  volume={559},
  number={7715},
  pages={547--555},
  year={2018},
  publisher={Nature Publishing Group UK London}
}
@article{label3,
  title={Automatic retrosynthetic route planning using template-free models},
  author={Lin, Kangjie and Xu, Youjun and Pei, Jianfeng and Lai, Luhua},
  journal={Chemical science},
  volume={11},
  number={12},
  pages={3355--3364},
  year={2020},
  publisher={Royal Society of Chemistry}
}